@inproceedings{wu2022adapting,
  title={Adapting Triplet Importance of Implicit Feedback for Personalized Recommendation},
  author={Wu, Haolun and Ma, Chen and Zhang, Yingxue and Liu, Xue and Tang, Ruiming and Coates, Mark},
  booktitle={CIKM},
  publisher = {{ACM}},
  year={2022}
}
