@article{jaques2019social,
	title={Social Influence as Intrinsic Motivation for Multi-Agent Deep Reinforcement Learning},
	author={Jaques, N. and Lazaridou, A. and Hughes, E. and Gulcehre, C. and Ortega, P. A. and Strouse, D. J. and Leibo, J.Z. and de Freitas, N.},
	journal={International Conference on Machine Learning (ICML)},
	year={2019},
}
