@article{filos2021psiphilearning,
	title={PsiPhi-Learning: Reinforcement Learning with Demonstrations using Successor Features and Inverse Temporal Difference Learning},
	author={Filos, A. and Lyle, C. and Gal, Y. and Levine, S. and Jaques, N. and Farquhar, G.},
	journal={International Conference on Machine Learning (ICML)},
	year={2021},
}
