@article{roberts2016interactive,
	title={Interactive Musical Improvisation with Magenta},
	author={Roberts, A. and Engel, J. and Hawthorne, C. and Simon, I. and Waite, E. and Oore, S. and Jaques, N. and Resnick, C. and Eck, D.},
	journal={Neural Information Processing Systems (NeurIPS)},
	year={2016},
}
