@article{jones2019automatic,
	title={Automatic Triage and Analysis of Online Suicide Risk with Document Embeddings and Latent Dirichlet Allocation},
	author={Jones, N. and Jaques, N. and Pataranutaporn, P. and Ghandeharioun, A. and Picard, R.},
	journal={Affective Computing and Intelligence Interaction (ACII) workshop on Machine Learning for Mental Health},
	year={2019},
}
