@article{dennis2020emergent,
  title={Emergent Complexity and Zero-shot Transfer via Unsupervised Environment Design},
  author={Dennis, Michael and Jaques, Natasha and Vinitsky, Eugene and Bayen, Alexandre and Russell, Stuart and Critch, Andrew and Levine, Sergey},
  journal={Neural Information Processing Systems (NeurIPS)},
  year={2020}
}