@article{johnson2018vomit,
	title={Vomit Comet Physiology: Autonomic Changes in Novice Flyers},
	author={Johnson, K. and Taylor, S. and Fedor, S. and Jaques, N. and Chen, W. and Picard, R.},
	journal={IEEE Engineering in Medicine and Biology Society (EMBC)},
	year={2018},
}
