@article{sano2015prediction,
	title={Prediction of happy-sad mood from daily behaviors and previous sleep history},
	author={Sano, A. and Yu A., Yu A.Z. and McHill, A.W. and Phillips, A.J. and Taylor, S. and Jaques, N. and Czeisler, C. A. and Klerman, E. B. and Picard R, \& Picard R.},
	journal={International Conference of the IEEE Engineering in Medicine and Biology Society (EMBC)},
	year={2015},
}
