@article{jaques2016tuning,
	title={Tuning Recurrent Neural Networks with Reinforcement Learning},
	author={Jaques, N. and Gu, S. and Turner, R. E. and Eck, D.},
	journal={International Conference on Learning Representations (ICLR) - workshop},
	year={2016},
}
