@inproceedings{wu2022joint,
  title={Joint Multisided Exposure Fairness for Recommendation},
  author={Wu, Haolun and Mitra, Bhaskar and Ma, Chen and Diaz, Fernando and Liu, Xue},
  booktitle={In Proceedings of SIGIR},
  year={2022}
}
