@article{saleh2019hierarchical,
	title={Hierarchical Reinforcement Learning for Open-Domain Dialog},
	author={Saleh, A. and Jaques, N. and Ghandeharioun, A. and Shen, J. H. and Picard, R.},
	journal={Association for the Advancement of Artificial Intelligence (AAAI)},
	year={2019},
}
