@article{jaques2014predicting,
	title={Predicting Affect in an Intelligent Tutoring System},
	author={Jaques, N.},
	journal={University of British Columbia},
	year={2014},
}
