@inproceedings{DBLP:conf/aaai/MaMZWLC21,
  author    = {Chen Ma and
               Liheng Ma and
               Yingxue Zhang and
               Haolun Wu and
               Xue Liu and
               Mark Coates},
  title     = {Knowledge-Enhanced Top-K Recommendation in Poincar{\'{e}} Ball},
  booktitle = {{AAAI}},
  pages     = {4285--4293},
  publisher = {{AAAI} Press},
  year      = {2021}
}
