@article{jaques2015predicting,
	title={Predicting students' happiness from physiology, phone, mobility, and behavioral data},
	author={Jaques, N. and Taylor, Taylor S. and Azaria, A. and Ghandeharioun, A. and Sano, Sano A. and Picard R, \& Picard R.},
	journal={International Conference on Affective Computing and Intelligent Interaction (ACII)},
	year={2015},
}
