@article{chen2015waveletbased,
	title={Wavelet-based motion artifact removal for Electrodermal Activity},
	author={Chen, W. and Jaques, N. and Taylor, S. and Sano, A. and Fedor, S. and Picard R, \& Picard R.},
	journal={International Conference of the IEEE Engineering in Medicine and Biology Society (EMBC)},
	year={2015},
}
