@article{jaques2014predicting,
	title={Predicting Affect from Gaze Data During Interaction with an Intelligent Tutoring System},
	author={Jaques, N. and Conati, C. and Harley, J. M. and Azevedo, R.},
	journal={Intelligent Tutoring Systems},
	year={2014},
}
