@article{jaques2020humancentric,
	title={Human-Centric Dialog Training via Offline Reinforcement Learning},
	author={Jaques, N. and Shen, J. H. and Ghandeharioun, A. and Ferguson, C. and Lapedriza, A. and Jones, N. and Gu, S. and Picard, R.},
	journal={Empirical Methods in Natural Language Processing (EMNLP)},
	year={2020},
}
