@article{jaques2013a,
	title={A Comparison of Random Forests and Dropout Nets for Sign Language Recognition with the Kinect},
	author={Jaques, N. and Nutini, J.},
	year={2013},
}
