@article{jaques2016multitask,
	title={Multi-task Learning for Predicting Health, Stress, and Happiness},
	author={Jaques, N. and Taylor, Taylor S. and Nosakhare, Nosakhare E. and Sano, Sano A. and Picard R, \& Picard R.},
	journal={Neural Information Processing Systems (NeurIPS) Workshop on Machine Learning for Healthcare},
	year={2016},
}
