@article{jaques2013fast,
	title={Fast Johnsonâ€“Lindenstrauss transform for classification of high dimensional data},
	author={Jaques, N.},
	year={2013},
}
