@article{taylor2017importance,
	title={Importance of Sleep Data in Predicting Next-Day Stress, Happiness, and Health in College Students},
	author={Taylor, S. and Jaques, N. and E. Nosakhare, Sano, A. and Klerman, E. B. and Picard, R.},
	journal={Journal of Sleep and Sleep Disorders Research (suppl\_1)},
	year={2017},
}
