@article{xia2015active,
	title={Active learning for Electrodermal Activity classification},
	author={Xia, V. and Jaques, N. and Taylor, Taylor S. and Fedor, S. and Picard R, \& Picard R.},
	journal={IEEE Conference on Signal Processing in Medicine and Biology (SPMB)},
	year={2015},
}
