@article{jaques2018learning,
	title={Learning via Social Awareness: Improving a Deep Generative Sketching Model with Facial Feedback},
	author={Jaques, N. and McCleary, J. and Engel, J. and Ha, D. and Bertsch, F. and Eck, D. and Picard, R.},
	journal={International Conference on Learning Representations (ICLR) workshop},
	year={2018},
}
