@phdthesis{jaques2019social,
  author       = {Natasha Jaques}, 
  title        = {Social and Affective Machine Learning},
  school       = {Massachusetts Institute of Technology},
  year         = 2019,
}
