@article{jaques2015engaging,
	title={Engaging the workplace with challenges},
	author={Jaques, N. and Farve, N.},
	journal={International Conference on Persuasive Technologies},
	year={2015},
}
