@article{conati2013understanding,
	title={Understanding attention to adaptive hints in educational games: an eye-tracking study},
	author={Conati, C. and Jaques, N. and Muir, M.},
	journal={International Journal of Artificial Intelligence in Education},
	year={2013},
}
