@article{fickinger2021explore,
	title={Explore and Control with Adversarial Surprise},
	author={Fickinger, A. and Jaques, N. and Parajuli, S. and Chang, M. and Rhinehart, N. and Berseth, G. and Russell, S. and Levine, S.},
	journal={Preprint},
	year={2021},
}
