@article{taylor2017personalized,
	title={Personalized Multitask Learning for Predicting Tomorrow's Mood, Stress, and Health},
	author={Taylor, S. and Jaques, N. and Nosakhare, E. and Sano, A. and Picard, R.},
	journal={IEEE Transactions on Affective Computing},
	year={2017},
}
