@article{lee2021joint,
	title={Joint Attention for Multi-Agent Coordination and Social Learning},
	author={Lee, D. and Jaques, N. and Kew, J. and Eck, D. and Schuurmans, D. and Faust, A.},
	journal={ICRA Social Intelligence Workshop},
	year={2021},
}
