@article{ndousse2020learning,
  title={Learning Social Learning},
  author={Ndousse, Kamal and Eck, Doug and Levine, Sergey and Jaques, Natasha},
  journal={Internation Conference on Machine Learning (ICML)},
  year={2021}
}