@article{jaques2017sequence,
	title={Sequence Tutor: Conservative Fine-Tuning of Sequence Generation Models with KL-control},
	author={Jaques, N. and Gu, S. and Bahdanau, D. and Hernandez-Lobato, J. M. and Turner, R. E. and Eck, D.},
	journal={International Conference on Machine Learning (ICML)},
	year={2017},
}
