@article{gur2021adversarial,
	title={Adversarial Environment Generation for Learning to Navigate the Web},
	author={Gur, I. and Jaques, N. and Malta, K. and Tiwari, M. and Lee, H. and Faust, A.},
	year={2021},
}
