@article{ghandeharioun2019approximating,
	title={Approximating Interactive Human Evaluation with Self-Play for Open-Domain Dialog Systems},
	author={Ghandeharioun, A. and Shen, J. H. and Jaques, N. and Ferguson, C. and Jones, N. and Lapedriza, A. and Picard, R.},
	journal={Neural Information Processing Systems (NeurIPS)},
	year={2019},
}
