@article{rolnick2019tackling,
	title={Tackling Climate Change with Machine Learning},
	author={Rolnick, D. and Donti, P. L. and Kaack, L. H. and Kochanski, K. and Lacoste, A. and Sankaran, K. and Ross, A. S. and Milojevic-Dupont, N. and Jaques, N. and Waldman-Brown, A. and Luccioni, A. and Maharaj, T. and Sherwin, E. D. and Mukkavilli, S. K. and Kording, K. P. and Gomes, C. and Ng, A. Y. and Hassabis, D. and Platt, J. C. and Creutzig, F. and Chayes, J. and Bengio, Y.},
	journal={ACM Computing Surveys},
	year={2019},
}
