@article{taylor2015automatic,
	title={Automatic identification of artifacts in Electrodermal Activity data},
	author={Taylor, S. and Jaques, N. and Chen, W. and Fedor, S. and Sano, A. and Picard, R.},
	journal={International Conference of the IEEE Engineering in Medicine and Biology Society (EMBC)},
	year={2015},
}
