@article{jaques2016bitxbit,
	title={BITxBIT: Encouraging Behavior Change with N=2 Experiments},
	author={Jaques, N. and Rich, T. and Dinakar, K. and Farve, N. and Chen, W.V. and Maes, P. and Picard, R.},
	journal={Proceedings of the CHI Conference Extended Abstracts on Human Factors},
	year={2016},
}
