@article{jaques2016understanding,
	title={Understanding and Predicting Bonding in Conversations Using Thin Slices of Facial Expressions and Body Language},
	author={Jaques, N. and McDuff, D. and Kim, Y. K. and Picard R, \& Picard R.},
	journal={Intelligent Virtual Agents (IVA)},
	year={2016},
}
