@article{jaques2019social,
	title={Social and Affective Machine Learning},
	author={Jaques, N.},
	journal={Massachusetts Institute of Technology},
	year={2019},
}
