@article{wang2021less,
	title={Less is More: Generating Grounded Navigation Instructions from Landmarks},
	author={Wang, S. and Montgomery, C. and Orbay, J. and Birodkar, V. and Faust, A. and Gur, I. and Jaques, N. and Waters, A. and Baldridge, J. and Anderson, P.},
	journal={Preprint},
	year={2021},
}
