@article{jaques2016personality,
	title={Personality, Attitudes, and Bonding in Conversations},
	author={Jaques, N. and Kim, Y. K. and Picard R, \& Picard R.},
	journal={Intelligent Virtual Agents (IVA)},
	year={2016},
}
