@article{jaques2013emotionally,
	title={Emotionally Adaptive Intelligent Tutoring Systems using POMDPs},
	author={Jaques, N.},
	year={2013},
}
