@article{jaques2019way,
	title={Way Off-Policy Batch Deep Reinforcement Learning of Implicit Human Preferences in Dialog},
	author={Jaques, N. and Ghandeharioun, A. and Shen, J. H. and Ferguson, C. and Lapedriza, A. and Jones, N. and Gu, S. and Picard, R.},
	journal={Neural Information Processing Systems (NeurIPS) Workshop on Conversational AI},
	year={2019},
}
