@article{jaques2015multitask,
	title={Multi-task Multi-Kernel Learning for Estimating Individual Wellbeing},
	author={Jaques, N. and Taylor, S. and Sano, A. and Picard, R.},
	journal={Neural Information Processing Systems (NeurIPS) Workshop on Multimodal Machine Learning},
	year={2015},
}
