@article{sano2015recognizing,
	title={Recognizing academic performance, sleep quality, stress level, and mental health using personality traits, wearable sensors and mobile phones},
	author={Sano, A. and Phillips, A. J. and Yu, A. Z. and McHill, A. W. and Taylor, S. and Jaques, N. and Czeisler, C. A. and Klerman, E. B. and Picard, R.},
	journal={Wearable and Implantable Body Sensor Networks (BSN)},
	year={2015},
}
