@inproceedings{wu2023IMCAT,
  author    = {Haolun Wu and
               Yingxue Zhang and
               Chen Ma and
               Wei Guo and
               Ruiming Tang and
               Xue Liu and
               Mark Coates},
  title     = {Intent-aware Multi-source Contrastive Alignment for Tag-enhanced Recommendation},
  booktitle={The 39th IEEE International Conference on Data Engineering (ICDE)},
  publisher = {{IEEE}},
  year      = {2023},
}

