@article{jaques2017predicting,
	title={Predicting Tomorrowâ€™s Mood, Health, and Stress Level using Personalized Multitask Learning and Domain Adaptation},
	author={Jaques, N. and Rudovic, O. and Taylor, S. and Sano, A. and Picard, R.},
	journal={Proceedings of Machine Learning Research},
	year={2017},
}
