@article{jaques2015smiletracker,
	title={SmileTracker: Automatically and Unobtrusively Recording Smiles and their Context.},
	author={Jaques, N. and Chen, W. V. and Picard, R.},
	journal={Proceedings of the CHI Conference Extended Abstracts},
	year={2015},
}
