@mastersthesis{jaques2014predicting,
  title={Predicting affect in an Intelligent Tutoring System},
  author={Jaques, Natasha},
  year={2014},
  school={University of British Columbia}
}